<record xmlns="http://www.loc.gov/MARC21/slim" xmlns:xsi="http://www.w3.org/2001/XMLSchema-instance" xsi:schemaLocation="http://www.loc.gov/MARC21/slim http://www.loc.gov/standards/marcxml/schema/MARC21slim.xsd"><leader>02270nam a2200457   4500</leader><controlfield tag="001">3235918</controlfield><controlfield tag="003">NNC</controlfield><controlfield tag="006">m        d        </controlfield><controlfield tag="007">cr cn |||m|||a</controlfield><controlfield tag="008">150110s1910    ua      o     000 0 ara d</controlfield><datafield ind1=" " ind2=" " tag="040"><subfield code="a">NNU</subfield><subfield code="b">eng</subfield><subfield code="e">rda</subfield><subfield code="c">NNU</subfield></datafield><datafield ind1="0" ind2=" " tag="041"><subfield code="a">ara</subfield><subfield code="a">eng</subfield></datafield><datafield ind1=" " ind2="4" tag="050"><subfield code="a">PJ6101</subfield><subfield code="b">.I185 1910</subfield></datafield><datafield ind1=" " ind2="4" tag="082"><subfield code="a">492.7</subfield><subfield code="b">Ib5s</subfield></datafield><datafield ind1="1" ind2=" " tag="100"><subfield code="6">880-01</subfield><subfield code="a">Ibn Fa&#772;ris al-Qazwi&#772;ni&#772;, Ah&#803;mad,</subfield><subfield code="d">active 10th century.</subfield></datafield><datafield ind1="1" ind2="3" tag="245"><subfield code="6">880-02</subfield><subfield code="a">al-S&#803;a&#772;h&#803;ibi&#772; fi&#772; fiqh al-lughah wa-sunan al-&#699;Arab fi&#772; kala&#772;miha&#772; /</subfield><subfield code="c">tas&#803;ni&#772;f Ah&#803;mad Ibn Fa&#772;ris.</subfield></datafield><datafield ind1="3" ind2=" " tag="246"><subfield code="6">880-03</subfield><subfield code="a">Fiqh al-lughah</subfield></datafield><datafield ind1="3" ind2=" " tag="246"><subfield code="a">Assahiby</subfield></datafield><datafield ind1=" " ind2=" " tag="260"><subfield code="6">880-04</subfield><subfield code="a">al-Qa&#772;hirah :</subfield><subfield code="b">al-Maktabah al-Salfiyyah,</subfield><subfield code="c">[1910]</subfield></datafield><datafield ind1=" " ind2=" " tag="300"><subfield code="a">online resource (5, 245 pages)</subfield></datafield><datafield ind1=" " ind2=" " tag="336"><subfield code="a">text</subfield><subfield code="2">rdacontent</subfield></datafield><datafield ind1=" " ind2=" " tag="337"><subfield code="a">computer</subfield><subfield code="2">rdamedia</subfield></datafield><datafield ind1=" " ind2=" " tag="338"><subfield code="a">online resource</subfield><subfield code="2">rdacarrier</subfield></datafield><datafield ind1=" " ind2=" " tag="500"><subfield code="a">Has also cover title in English: Assahiby; a treatise of the literature, lexicology and syntax of the Arabic language, by Ahmed-ibn-Faris ... 1910.</subfield></datafield><datafield ind1=" " ind2=" " tag="500"><subfield code="a">Part of the Arabic Collections Online (ACO) project, contributed by Columbia University Libraries.</subfield></datafield><datafield ind1=" " ind2=" " tag="533"><subfield code="a">Electronic reproduction.</subfield><subfield code="b">New York, N.Y. :</subfield><subfield code="c">New York University,</subfield><subfield code="d">2015.</subfield><subfield code="5">NNU</subfield></datafield><datafield ind1=" " ind2="0" tag="650"><subfield code="a">Arabic language</subfield><subfield code="x">Grammar</subfield><subfield code="v">Early works to 1800.</subfield></datafield><datafield ind1=" " ind2="0" tag="650"><subfield code="a">Arabic philology</subfield><subfield code="v">Early works to 1800.</subfield></datafield><datafield ind1=" " ind2="7" tag="650"><subfield code="a">Arabic language</subfield><subfield code="x">Grammar.</subfield><subfield code="2">fast</subfield><subfield code="0">(OCoLC)fst00812341</subfield></datafield><datafield ind1=" " ind2="7" tag="650"><subfield code="a">Arabic philology.</subfield><subfield code="2">fast</subfield><subfield code="0">(OCoLC)fst00812526</subfield></datafield><datafield ind1=" " ind2="7" tag="655"><subfield code="a">Early works.</subfield><subfield code="2">fast</subfield><subfield code="0">(OCoLC)fst01411636</subfield></datafield><datafield ind1="2" ind2=" " tag="710"><subfield code="a">Columbia University.</subfield><subfield code="b">Libraries.</subfield></datafield><datafield ind1="0" ind2=" " tag="730"><subfield code="a">Arabic Collections Online.</subfield></datafield><datafield ind1="0" ind2="8" tag="776"><subfield code="i">Print version:</subfield><subfield code="a">Ibn Fa&#772;ris al-Qazwi&#772;ni&#772;, Ah&#803;mad, active 10th century.</subfield><subfield code="t">al-S&#803;a&#772;h&#803;ibi&#772; fi&#772; fiqh al-lughah wa-sunan al-&#699;Arab fi&#772; kala&#772;miha&#772;</subfield><subfield code="w">(NNC)3235918</subfield><subfield code="w">(OCoLC)20047079</subfield></datafield><datafield ind1="4" ind2="0" tag="856"><subfield code="u">http://hdl.handle.net/2333.1/4b8gtknt</subfield></datafield><datafield ind1="1" ind2=" " tag="880"><subfield code="6">100-01/r</subfield><subfield code="a">&#1576;&#1606; &#1601;&#1575;&#1585;&#1587;&#1548; &#1575;&#1604;&#1602;&#1586;&#1608;&#1610;&#1606;&#1610; &#1571;&#1581;&#1605;&#1583;.</subfield></datafield><datafield ind1="1" ind2="2" tag="880"><subfield code="6">245-02/r</subfield><subfield code="a">&#1575;&#1604;&#1589;&#1575;&#1581;&#1576;&#1610; &#1601;&#1610; &#1601;&#1602;&#1607; &#1575;&#1604;&#1604;&#1594;&#1577; &#1608;&#1587;&#1606;&#1606; &#1575;&#1604;&#1593;&#1585;&#1576; &#1601;&#1610; &#1603;&#1604;&#1575;&#1605;&#1607;&#1575; /</subfield><subfield code="c">&#1578;&#1589;&#1606;&#1610;&#1601; &#1571;&#1580;&#1605;&#1583; &#1576;&#1606; &#1601;&#1575;&#1585;&#1587;.</subfield></datafield><datafield ind1="3" ind2=" " tag="880"><subfield code="6">246-03/r</subfield><subfield code="a">&#1601;&#1602;&#1607; &#1575;&#1604;&#1604;&#1594;&#1577;</subfield></datafield><datafield ind1=" " ind2=" " tag="880"><subfield code="6">260-04/r</subfield><subfield code="a">&#1575;&#1604;&#1602;&#1575;&#1607;&#1585;&#1577; :</subfield><subfield code="b">&#1575;&#1604;&#1605;&#1603;&#1578;&#1576;&#1577; &#1575;&#1604;&#1587;&#1604;&#1601;&#1610;&#1577;&#1548;</subfield><subfield code="c">[1910]</subfield></datafield><datafield ind1=" " ind2=" " tag="959"><subfield code="a">NNU</subfield><subfield code="b">WEB</subfield><subfield code="c">GENI</subfield><subfield code="t">0</subfield><subfield code="m">Electronic access</subfield><subfield code="s">01</subfield></datafield><datafield ind1=" " ind2=" " tag="999"><subfield code="i">NNC_3235918</subfield><subfield code="o">(OCoLC)20047079</subfield><subfield code="e">OK</subfield></datafield></record>